<?xml version="1.0" encoding="UTF-8"?><collection xmlns="http://www.loc.gov/MARC21/slim"><record><leader>00533nam--2200193-i-4500</leader><controlfield tag="001">000016045</controlfield><controlfield tag="002">20161230</controlfield><controlfield tag="005">20161230201031</controlfield><controlfield tag="008">060222s1000------------r-----000-0-fre-d</controlfield><datafield ind1=" " ind2=" " tag="040"><subfield code="a">IFIN-HH</subfield></datafield><datafield ind1=" " ind2=" " tag="041"><subfield code="a">fre</subfield></datafield><datafield ind1=" " ind2=" " tag="080"><subfield code="a">530.12:539.12.18</subfield></datafield><datafield ind1="1" ind2=" " tag="100"><subfield code="a">Arzelies, Henri</subfield></datafield><datafield ind1="1" ind2="0" tag="245"><subfield code="a">Rayonnement et dynamique du corpuscule charge fortement accelere</subfield><subfield code="c">Henri arzelies</subfield></datafield><datafield ind1=" " ind2=" " tag="260"><subfield code="a">Paris</subfield><subfield code="b">Gauthier-villars</subfield><subfield code="c">1966</subfield></datafield><datafield ind1=" " ind2=" " tag="300"><subfield code="a">III + 425 P</subfield></datafield><datafield ind1=" " ind2=" " tag="490"><subfield code="a">Etudes Relativistes</subfield></datafield><datafield ind1=" " ind2=" " tag="852"><subfield code="a">29718</subfield><subfield code="c">539.12</subfield></datafield><datafield ind1=" " ind2=" " tag="CAT"><subfield code="a">Sys</subfield><subfield code="c">20111117</subfield><subfield code="h">085927</subfield></datafield></record></collection>